@incollection{Adams84,
	author = "J.F. Adams",
	title = "Prerequisites (on equivariant stable homotopy) for {C}arlssons's lecture",
	editor = "Ib H. Madsen and Robert A. Oliver",
	booktitle = "Algebraic Topology Aarhus 1982",
	publisher = "Springer Berlin Heidelberg",
	year = "1984",
	pages = "483--532",
	chapter = "25",
	note = "\url{http://people.virginia.edu/~mah7cd/Conferences/Vietnam2013/AdamsPreReqs.pdf}"
}

@article{HHR,
	author = "M.A. Hill and M.J. Hopkins and D.C. Ravenel",
	title = "On the nonexistence of elements of {K}ervaire invariant one",
	journal = "Annals of Mathematics",
	year = "2016",
	volume = "184",
	number = "1",
	pages = "1--262",
	note = "\url{https://arxiv.org/pdf/0908.3724.pdf}"
}

@proceedings{AlaskaNotes,
  title        = {Equivariant Homotopy and Cohomology Theory},
  year         = {1996},
  editor       = {Peter May},
  volume       = {91},
  series	   = {CBMS Regional Conference Series in Mathematics},
  publisher    = {American Mathematical Society},
  note		   = {\url{https://www.math.uchicago.edu/~may/BOOKS/alaska.pdf}},
}

@book{ConciseCourse,
	title = "A Concise Course in Algebraic Topology",
	author = "Peter May",
	publisher = "The University of Chicago Press",
	year = "1999",
	series = "Chicago Lectures in Mathematics",
	note = "\url{https://www.math.uchicago.edu/~may/CONCISE/ConciseRevised.pdf}",
}

@book{MacLane,
	title = "Categories for the Working Mathematician",
	author = "Saunders {Mac Lane}",
	publisher = "Springer-Verlag New York",
	year = "1978",
	series = "Graduate Texts in Mathematics",
	number = "5"
}

@book{LMS,
	title = "Equivariant Stable Homotopy Theory",
	author = "L. Gaunce {Lewis Jr.} and J. Peter May and Mark Steinberger",
	publisher = "Springer Berlin Heidelberg",
	year = "1986",
	series = "Lecture Notes in Mathematics",
	number = "1213",
	note = "\url{https://www.math.uchicago.edu/~may/BOOKS/equi.pdf}"
}

@book{Hovey,
  title={Model Categories},
  author={Hovey, Mark},
  series={Mathematical surveys and monographs},
  year={1999},
  publisher={American Mathematical Society}
}

@book{Kelley,
	title = "Basic Concepts in Enriched Category Theory",
	author = "G.M. Kelley",
	publisher = "Cambridge University Press",
	year = "1984",
	series = "Lecture Notes in Mathematics",
	number = "64",
	note = "\url{http://www.tac.mta.ca/tac/reprints/articles/10/tr10.pdf}"
}

@phdthesis{DayThesis,
	author = "Brian Day",
	title = "Constructions in Biclosed Categories",
	school = "University of New South Wales",
	year = "1970",
	note = "\url{http://www.math.mq.edu.au/~street/DayPhD.pdf}"
}

@phdthesis{IllmanThesis,
	author = "Sören Illman",
	title = "Equivariant Algebraic Topology",
	school = "Princeton University",
	year = "1972",
	note = "\url{http://archive.numdam.org/ARCHIVE/AIF/AIF_1973__23_2/AIF_1973__23_2_87_0/AIF_1973__23_2_87_0.pdf}"
}

@book{MayGILS,
  title={The Geometry of Iterated Loop Spaces},
  author={Peter May},
  number={271},
  series={Lecture Notes in Mathematics},
  year={1972},
  publisher={Springer-Verlag},
  note={\url{https://www.math.uchicago.edu/~may/BOOKS/geom_iter.pdf}}
}

@book{RiehlCHT,
	Author = {Emily Riehl},
	Publisher = {Cambridge University Press},
	Title = {Categorical Homotopy Theory},
	Year = {2014},
	note = {\url{http://www.math.harvard.edu/~eriehl/cathtpy.pdf}}
}

@book{RiehlCTC,
  Author = {Emily Riehl},
  Title = {Category Theory in Context},
  Series = {Aurora: Dover Modern Math Originals},
  Publisher = {Dover Publications},
  Year = {2016},
  note = {\url{http://www.math.jhu.edu/~eriehl/context.pdf}}
}

@article{SmithRevisit,
  author = {William G. Dwyer and Clarence W. Wilkerson},
  journal = {Annals of Mathematics},
  number = {1},
  pages = {191--198},
  publisher = {Annals of Mathematics},
  title = {Smith Theory Revisited},
  volume = {127},
  year = {1988},
  note = {\url{https://www.jstor.org/stable/pdf/1971419.pdf}}
}

@article{MaySmithTheory,
 URL = {http://www.math.uchicago.edu/~may/PAPERS/57.pdf},
 author = {J. P. May},
 journal = {Proceedings of the American Mathematical Society},
 number = {4},
 pages = {728-730},
 publisher = {American Mathematical Society},
 title = {A Generalization of {S}mith Theory},
 volume = {101},
 year = {1987},
 note = {\url{https://math.uchicago.edu/~may/PAPERS/57.pdf}}
}

@book{MITNotes,
	title = "Geometric Topology: Localization, Periodicity, and {G}alois Symmetry",
	author = "Denis Sullivan",
	editor = {Andrew Ranicki},
	publisher = "Springer Verlag",
	year = "2005",
	series = "K-Monographs in Mathematics",
	number = "8",
	note = {\url{http://www.maths.ed.ac.uk/~aar/books/gtop.pdf}}
}

@book{SullivanQHT,
	title={Infinitesimal Computations in Topology},
	author={Sullivan, D.},
	note = {\url{http://archive.numdam.org/ARCHIVE/PMIHES/PMIHES_1977__47_/PMIHES_1977__47__269_0/PMIHES_1977__47__269_0.pdf}},
	series = {Publications mathématiques de l'I.H.É.S.},
	number = {47},
	year={1977}
}

@article{Lur09,
	author = "Lurie, Jacob",
	fjournal = "Current Developments in Mathematics",
	journal = "Current Developments in Mathematics",
	pages = "129--280",
	publisher = "International Press of Boston",
	title = "On the classification of topological field theories",
	note = "\url{http://www-math.mit.edu/~lurie/papers/cobordism.pdf}",
	volume = "2008",
	year = "2009"
}

@article{Genetics,
	author = "Denis Sullivan",
	title = "Genetics of homotopy theory and the {A}dams conjecture",
	journal = "Annals of Mathematics",
	pages = "1--79",
	note = "\url{http://math1.unice.fr/~cazanave/Gdt/ImJ/Sullivan.pdf}",
	year = "1974",
	month = "7",
	series = "Second series",
	volume = "100",
	number = "1"
}

@book{BousfieldKan,
  title={Homotopy Limits, Completions and Localizations},
  author={Aldridge K. Bousfield and Daniel M. Kan},
  number={304},
  series={Lecture Notes in Mathematics},
  year={1972},
  publisher={Springer Berlin Heidelberg},
  note = {\url{http://link.springer.com/book/10.1007%2F978-3-540-38117-4}}
}

@book{InfiniteLoopSpaces,
	author = "J.F. Adams",
	title = "Infinite Loop Spaces",
	series = "Annals of Mathematics Studies",
	number = "90",
	year = "1978",
	publisher = "Princeton University Press"
}

@book{AdamsStableHomotopy,
	author = "J.F. Adams",
	title = "Stable Homotopy and Generalized Homology",
	series = "Chicago Lectures in Mathematics",
	year = "1974",
	publisher = "The University of Chicago Press"
}

@article{MMSS,
	author = {Mandell, M. A. and May, J. P. and Schwede, S. and Shipley, B.},
	title = {Model Categories of Diagram Spectra},
	journal = {Proceedings of the London Mathematical Society},
	volume = {82},
	number = {2},
	pages = {441--512},
	year = {2001},
	note = {\url{https://www.math.uchicago.edu/~may/PAPERS/mmssLMSDec30.pdf}}
}

@article{DoldPuppe,
	author = "Albrecht Dold and Dieter Puppe",
	title = "Homologie nicht-additiver {F}unktoren. {A}nwendungen",
	journal = "Annales de l'institut Fourier",
	volume = "11",
	year = "1961",
	pages = "201--312",
	note = "\url{http://www.maths.ed.ac.uk/~aar/papers/doldpupp.pdf}"
}

@phdthesis{ThomThesis,
	author = "René Thom",
	title = "Quelques propriétés globales des variétés differentiables",
	school = "University of Paris",
	year = "1954",
	note = "\url{http://www.maths.ed.ac.uk/~aar/papers/thomcob.pdf}",
	journal = "Commentarii Mathematici Helvetici",
	volume = "28",
	pages = "17--86"
}

@book{MandellMay,
	title = {Equivariant orthogonal spectra and {$S$}-modules},
	author = {M.A. Mandell and J.P. May},
	series = {Memoirs of the American Mathematical Society},
	year = {2002},
	number = {755},
	publisher = {American Mathematical Society},
	note = {\url{https://www.math.uchicago.edu/~may/PAPERS/MMMFinal.pdf}}
}

@book{EKMM,
	title = {Rings, Modules, and Algebras in Stable Homotopy Theory},
	author = {Anthony D. Elmendorf and Igor Kriz and M.A. Mandell and J.P. May},
	series = {Mathematical Surveys and Monographs},
	year = {1997},
	number = {47},
	publisher = {American Mathematical Society}
}

@article{Lewis91,
	title = "Is there a convenient category of spectra?",
	journal = "Journal of Pure and Applied Algebra",
	volume = "73",
	number = "3",
	pages = "233--246",
	year = "1991",
	author = "L. Gaunce Lewis"
}

@book{Hirschhorn,
	title = {Model Categories and Their Localizations},
	author = {Philip S. Hirschhorn},
	series = {Mathematical Surveys and Monographs},
	year = {2003},
	number = {99},
	publisher = {American Mathematical Society}
}

@article{HSS,
	title = {Symmetric spectra},
	author = {Mark Hovey and Brooke Shipley and Jeff Smith},
	journal = {J.\ Amer.\ Math.\ Soc},
	volume = {13},
	year = {2000},
	pages = {149--208},
	note = {\url{http://www.math.uiuc.edu/K-theory/0265/symm.pdf}}
}

@book{SchwedeSymmSpec,
	title = "Symmetric spectra",
	author = "S.\ Schwede",
	year = "2012",
	note = "\url{http://www.math.uni-bonn.de/~schwede/SymSpec-v3.pdf}"
}

@book{SchwedeGlobal,
	title = "Global homotopy theory",
	author = "S.\ Schwede",
	year = "2017",
	note = "\url{http://www.math.uni-bonn.de/~schwede/global.pdf}"
}

@article{SchwedeEquivariant,
	title = "Lectures on equivariant stable homotopy theory",
	author = "S.\ Schwede",
	year = "2016",
	note = "\url{http://www.math.uni-bonn.de/~schwede/equivariant.pdf}"
}

@article{FHM,
	title = "Isomorphisms between left and right adjoints",
	author = "H. Fausk and P. Hu and J.P. May",
	journal = "Theory and Applications of Categories",
	volume = "11",
	number = "4",
	year = "2003",
	pages = "107--131",
	note = "\url{https://www.emis.de/journals/TAC/volumes/11/4/11-04.pdf}"
}

@article{WirthRevisited,
	title = "The {W}irthmüller isomorphism revisited",
	author = "J.P. May",
	journal = "Theory and Applications of Categories",
	volume = "11",
	number = "5",
	year = "2003",
	pages = "132--142",
	note = "\url{https://www.emis.de/journals/TAC/volumes/11/5/11-05.pdf}"
}

@article{BDS,
	title = "Grothendieck-{N}eeman duality and the {W}irthmüller isomorphism",
	author = "Paul Ballmer and Ivo Dell'Ambrogio and Beren Sanders",
	journal = "Composito Mathematica",
	volume = "152",
	number = "8",
	year = "2016",
	pages = "1740--1776",
	note = "\url{https://www.math.ucla.edu/~balmer/research/Pubfile/GN-duality.pdf}"
}
